<?xml version="1.0" encoding="UTF-8"?><collection xmlns="http://www.loc.gov/MARC21/slim"><record><leader>00358nam--2200121-i-4500</leader><controlfield tag="001">000033699</controlfield><controlfield tag="002">20161230</controlfield><controlfield tag="005">20161230201039</controlfield><controlfield tag="008">060222s1000------------r-----000-0-eng-d</controlfield><datafield ind1=" " ind2=" " tag="100"><subfield code="a">Muller Gerhard</subfield></datafield><datafield ind1=" " ind2=" " tag="245"><subfield code="a">Zur chemie und biochemie der corrinoid-coenzyme und ihrer analogen. dissertation</subfield></datafield><datafield ind1=" " ind2=" " tag="260"><subfield code="a">Stuttgart, Technische Hochschule, 1963, 80p</subfield></datafield><datafield ind1=" " ind2=" " tag="852"><subfield code="a">9608</subfield></datafield></record></collection>